@online{paccache-timer,
    note = {Last accessed 10 August 2024},
    year = {2024},
    author = {ArchWiki},
    month = {8},
    url = {https://wiki.archlinux.org/title/Pacman},
    title = {Pacman},
}

@online{xpadneo-troubleshooting,
    year = {2024},
    url = {https://atar-axis.github.io/xpadneo/#troubleshooting},
    title = {Advanced {Linux} Driver for {Xbox One} Wireless Gamepad --- Troubleshooting},
    note = {Last accessed 12 August 2024},
    howpublished = {},
    author = {Florian Dollinger},
}

@online{arch-wiki-gamemode,
    title = {Gamemode},
    note = {Last accessed 13 August 2024},
    url = {https://wiki.archlinux.org/title/Gamemode},
    month = {5},
    year = {2024},
    author = {ArchWiki},
}

@online{arch-wiki-gamescope,
    title = {Gamescope},
    author = {ArchWiki},
    year = {2024},
    month = {7},
    url = {https://wiki.archlinux.org/title/Gamescope},
    note = {Last accessed 14 August 2024}
}